<record><leader>00000cas a2200000 a 4500</leader><controlfield tag="001">12417688</controlfield><controlfield tag="008">850823d193519uuiluwr ne      0   a0eng c</controlfield><datafield ind1=" " ind2=" " tag="010"><subfield code="a">sn 85055036 </subfield></datafield><datafield ind1=" " ind2=" " tag="040"><subfield code="a">NPH</subfield><subfield code="b">eng</subfield><subfield code="c">NPH</subfield><subfield code="d">NVF</subfield><subfield code="d">NYS</subfield><subfield code="d">NVF</subfield><subfield code="d">NYS</subfield><subfield code="d">NVF</subfield><subfield code="d">OCLCQ</subfield><subfield code="d">OCLCO</subfield><subfield code="d">NVF</subfield></datafield><datafield ind1=" " ind2=" " tag="042"><subfield code="a">pcc</subfield></datafield><datafield ind1=" " ind2=" " tag="043"><subfield code="a">n-us-il</subfield></datafield><datafield ind1="0" ind2=" " tag="130"><subfield code="a">People's press (Chicago, Ill. : National ed.)</subfield></datafield><datafield ind1="1" ind2="0" tag="245"><subfield code="a">People's press.</subfield></datafield><datafield ind1=" " ind2=" " tag="250"><subfield code="a">National ed.</subfield></datafield><datafield ind1=" " ind2=" " tag="260"><subfield code="a">Chicago, Ill. :</subfield><subfield code="b">People's Press,</subfield><subfield code="c">1935-[19--?]</subfield></datafield><datafield ind1="2" ind2=" " tag="260"><subfield code="a">&lt;Jan. 29, 1938-Sept. 30, 1939&gt; &lt;Jan. 29&gt;-Apr. 2, 1938</subfield><subfield code="a">Chicago, Ill. :</subfield><subfield code="b">Trade Union Service Inc.</subfield></datafield><datafield ind1="2" ind2=" " tag="260"><subfield code="3">Apr. 9, 1938-Nov. 18, 1939</subfield><subfield code="a">Philadelphia, Pa. :</subfield><subfield code="b">Trade Union Service Inc.</subfield></datafield><datafield ind1="3" ind2=" " tag="260"><subfield code="3">Nov. 28, 1939-&lt;Mar. 22, 1941&gt;</subfield><subfield code="a">New York, N.Y. :</subfield><subfield code="b">Trade Union Service Inc.</subfield></datafield><datafield ind1=" " ind2=" " tag="300"><subfield code="a">v.</subfield></datafield><datafield ind1=" " ind2=" " tag="310"><subfield code="a">Weekly</subfield></datafield><datafield ind1="0" ind2=" " tag="362"><subfield code="a">Vol. 1, no. 1 (Nov. 2, 1935)-</subfield></datafield><datafield ind1=" " ind2=" " tag="500"><subfield code="a">Various editions published.</subfield></datafield><datafield ind1=" " ind2=" " tag="580"><subfield code="a">Other related title: People's press (Chicago, Ill. : Worker's Alliance ed.), &lt;1936-1937&gt;</subfield></datafield><datafield ind1=" " ind2=" " tag="580"><subfield code="a">Other ed.: People's press (Chicago, Ill. : Philadelphia ed.), &lt;1937-1938&gt;</subfield></datafield><datafield ind1=" " ind2=" " tag="588"><subfield code="a">Latest issue consulted: Vol. 4, no. 48 (Sept. 30, 1939).</subfield></datafield><datafield ind1=" " ind2="0" tag="650"><subfield code="a">Labor movement</subfield><subfield code="z">United States</subfield><subfield code="v">Newspapers.</subfield></datafield><datafield ind1=" " ind2="0" tag="651"><subfield code="a">New York (N.Y.)</subfield><subfield code="v">Newspapers.</subfield></datafield><datafield ind1=" " ind2="0" tag="651"><subfield code="a">New York County (N.Y.)</subfield><subfield code="v">Newspapers.</subfield></datafield><datafield ind1=" " ind2="0" tag="651"><subfield code="a">Philadelphia (Pa.)</subfield><subfield code="v">Newspapers.</subfield></datafield><datafield ind1=" " ind2="0" tag="651"><subfield code="a">Philadelphia County (Pa.)</subfield><subfield code="v">Newspapers.</subfield></datafield><datafield ind1=" " ind2="0" tag="651"><subfield code="a">Chicago (Ill.)</subfield><subfield code="v">Newpspapers.</subfield></datafield><datafield ind1=" " ind2="0" tag="651"><subfield code="a">Cook County (Ill.)</subfield><subfield code="v">Newspapers.</subfield></datafield><datafield ind1=" " ind2=" " tag="752"><subfield code="a">United States</subfield><subfield code="b">New York</subfield><subfield code="c">New York</subfield><subfield code="d">New York.</subfield></datafield><datafield ind1=" " ind2=" " tag="752"><subfield code="a">United States</subfield><subfield code="b">Pennsylvania</subfield><subfield code="c">Philadelphia</subfield><subfield code="d">Philadelphia.</subfield></datafield><datafield ind1=" " ind2=" " tag="752"><subfield code="a">United States</subfield><subfield code="b">Illinois</subfield><subfield code="c">Cook</subfield><subfield code="d">Chicago.</subfield></datafield><datafield ind1="1" ind2=" " tag="775"><subfield code="t">People's press (Chicago, Ill. : Philadelphia ed.)</subfield><subfield code="w">(DLC)sn 85055038</subfield><subfield code="w">(OCoLC)12417697</subfield></datafield><datafield ind1="0" ind2=" " tag="775"><subfield code="t">People's press (Chicago, Ill. : Pittsburgh ed.)</subfield><subfield code="w">(DLC)sn 85055039</subfield><subfield code="w">(OCoLC)2265974</subfield></datafield><datafield ind1="1" ind2=" " tag="787"><subfield code="t">People's press (Chicago, Ill. : Worker's Alliance ed.)</subfield><subfield code="w">(DLC)sn 85055037</subfield><subfield code="w">(OCoLC)12417513</subfield></datafield><datafield ind1="1" ind2=" " tag="029"><subfield code="a">AU@</subfield><subfield code="b">000022798782</subfield></datafield></record>